<?xml version="1.0" encoding="UTF-8"?><collection xmlns="http://www.loc.gov/MARC21/slim"><record><leader>00630nam--2200181-i-4500</leader><controlfield tag="001">000049400</controlfield><controlfield tag="002">20161230</controlfield><controlfield tag="005">20170105181416</controlfield><controlfield tag="008">060222s1000------------r-----000-0-eng-d</controlfield><datafield ind1=" " ind2=" " tag="040"><subfield code="a">IFIN-HH</subfield></datafield><datafield ind1=" " ind2=" " tag="080"><subfield code="a">539.12</subfield></datafield><datafield ind1="1" ind2=" " tag="100"><subfield code="a">Hagen, C. R</subfield></datafield><datafield ind1="1" ind2="0" tag="245"><subfield code="a">Particles and fields</subfield><subfield code="b">Proceedings of the 1967 International Conference on Particles and Fields the University of Rochester, Rochester, New York August 28- September 1, 1967</subfield><subfield code="c">C.R. Hagen, G. Guralnik, V.S. Mathur (eds.)</subfield></datafield><datafield ind1=" " ind2=" " tag="260"><subfield code="a">New York</subfield><subfield code="b">John Wiley &amp; Sons</subfield><subfield code="c">1967</subfield></datafield><datafield ind1=" " ind2=" " tag="300"><subfield code="a">708 p</subfield></datafield><datafield ind1="1" ind2=" " tag="700"><subfield code="a">Mathur, V.S</subfield><subfield code="e">Ed</subfield></datafield><datafield ind1=" " ind2=" " tag="852"><subfield code="a">29045</subfield><subfield code="c">539.12</subfield></datafield><datafield ind1=" " ind2=" " tag="CAT"><subfield code="a">SYS</subfield><subfield code="c">20170105</subfield><subfield code="h">181416</subfield></datafield></record></collection>